<record><leader>00000cas a22000007a 4500</leader><controlfield tag="001">15058460</controlfield><controlfield tag="008">870112d18501855wiuwr ne      0    0ger d</controlfield><datafield ind1=" " ind2=" " tag="010"><subfield code="a">sn 87082020 </subfield></datafield><datafield ind1=" " ind2=" " tag="040"><subfield code="a">NPV</subfield><subfield code="b">eng</subfield><subfield code="c">NPV</subfield><subfield code="d">OCLCQ</subfield></datafield><datafield ind1=" " ind2=" " tag="042"><subfield code="a">msc</subfield></datafield><datafield ind1="0" ind2="4" tag="245"><subfield code="a">Der Wo&#776;chentliche Volksfreund.</subfield></datafield><datafield ind1="1" ind2="3" tag="246"><subfield code="a">Volksfreund</subfield></datafield><datafield ind1=" " ind2=" " tag="260"><subfield code="a">Milwaukie [i.e. Milwaukee, Wis.] :</subfield><subfield code="b">Fratny &amp; Herzberg</subfield></datafield><datafield ind1=" " ind2=" " tag="300"><subfield code="a">v.</subfield></datafield><datafield ind1=" " ind2=" " tag="310"><subfield code="a">Weekly</subfield></datafield><datafield ind1="1" ind2=" " tag="362"><subfield code="a">Began in Feb. 1850; ceased in April 1855.</subfield><subfield code="z">Cf. Arndt, Karl J.R. and Olsen, M.E. German Language Press of the Americas.</subfield></datafield><datafield ind1=" " ind2=" " tag="580"><subfield code="a">Issued also in a daily edition called: Ta&#776;glicher Volksfreund.</subfield></datafield><datafield ind1=" " ind2=" " tag="588"><subfield code="a">Description based on: Jahrg. 5, nr. 1 (8. Jan. 1851).</subfield></datafield><datafield ind1=" " ind2=" " tag="752"><subfield code="a">United States</subfield><subfield code="b">Wisconsin</subfield><subfield code="c">Milwaukee</subfield><subfield code="d">Milwaukee.</subfield></datafield><datafield ind1=" " ind2=" " tag="752"><subfield code="a">United States</subfield><subfield code="b">Wisconsin</subfield><subfield code="c">Washington</subfield><subfield code="d">Milwaukee.</subfield></datafield><datafield ind1="1" ind2=" " tag="775"><subfield code="t">Ta&#776;glicher Volksfreund</subfield><subfield code="w">(DLC)sn 87082023</subfield></datafield><datafield ind1="0" ind2="0" tag="780"><subfield code="t">Volksfreund (Milwaukee, Wis.)</subfield><subfield code="w">(DLC)sn 87082019</subfield></datafield><datafield ind1="0" ind2="7" tag="785"><subfield code="t">Wisconsin-Banner (Milwaukee, Wis. : 1845 : Weekly)</subfield><subfield code="w">(DLC)sn 87082022</subfield></datafield><datafield ind1="0" ind2="7" tag="785"><subfield code="t">Wisconsin-Banner und Volksfreund</subfield><subfield code="w">(DLC)sn 85033214</subfield></datafield></record>